@misc{cs6238_Ahamad,
  author    = {Mustaque Ahamad},
  title     = {Lecture on Secure Computer Systems, GaTech CS 6238},
  month     = {January},
  year      = {2022},
  publisher = {The Georgia Institute of Technology}
}

@incollection{thompson1983reflections,
  title={Reflections on trusting trust},
  author={Thompson, Ken},
  booktitle={ACM Turing award lectures},
  publisher={ACM},
  year={1983}
}

@inproceedings{schaefer2004_ifA1istheanswer,
  title={If A1 is the answer, what was the question? an edgy naif's retrospective on promulgating the trusted computer systems evaluation criteria},
  author={Schaefer, Marvin},
  booktitle={20th Annual Computer Security Applications Conference},
  pages={204--228},
  year={2004},
  organization={IEEE}
}

@book{book1985_tcsec,
  title={Trusted Computer System Evaluation Criteria},
  author={DoD},
  publisher={DoD Computer Security Center},
  year={1985}
}